@misc{Santos2021,
author = {Santos, Kelton},
title = {{Projeto Disserta{\c{c}}{\~{a}}o Matem{\'{a}}tica e Aplica{\c{c}}{\~{o}}es em Finan{\c{c}}as}},
url = {https://keltonsantosblog.wordpress.com/},
urldate = {2021-04-12},
year = {2021}
}
@article{Lopes2008,
author = {Lopes, Nazar{\'{e}} Mendes},
journal = {Sociedade Portuguesa de Estat{\'{i}}stica},
pages = {26--34},
title = {{S{\'{e}}ries temporais e decis{\~{a}}o din{\^{a}}mica}},
year = {2008}
}
@book{Cipra2020,
address = {Gewerbestrasse},
author = {Cipra, Tomas},
editor = {Springer},
publisher = {Springer},
title = {{Time Series in Economics and Finance}},
year = {2020}
}
@article{li2020forecasting,
author = {Li, Zhenwei and Han, Jing and Song, Yuping},
journal = {Journal of Forecasting},
number = {7},
pages = {1081--1097},
publisher = {Wiley Online Library},
title = {{On the forecasting of high-frequency financial time series based on ARIMA model improved by deep learning}},
volume = {39},
year = {2020}
}
@article{andrei2011econometric,
author = {Andrei, Elena-Adriana and Bugudui, Elena and Others},
journal = {Theoretical and Applied Economics},
number = {10},
pages = {91},
publisher = {Citeseer},
title = {{Econometric modeling of GDP time series}},
volume = {10},
year = {2011}
}
@article{wang2016forecast,
author = {Wang, Tao and Others},
journal = {Modern Economy},
number = {02},
pages = {212},
publisher = {Scientific Research Publishing},
title = {{Forecast of economic growth by time series and scenario planning method—A case study of Shenzhen}},
volume = {7},
year = {2016}
}
@book{morettin1981modelos,
author = {Morettin, Pedro Alberto},
publisher = {Instituto de Matem{\'{a}}tica Pura e Aplicada},
title = {{Modelos para previs{\~{a}}o de s{\'{e}}ries temporais}},
volume = {1},
year = {1981}
}
@book{chan2004time,
author = {Chan, Ngai Hang},
publisher = {John Wiley \& Sons},
title = {{Time series: applications to finance}},
volume = {487},
year = {2004}
}
@misc{box1994pages,
author = {Box, George E P and Jenkins, G M and Reinsel, G C},
publisher = {Prentice Hall, Englewood Cliffs, NJ},
title = {{Pages 282-285 Time series analysis: forecasting and control}},
year = {1994}
}
@book{shumway2000time,
author = {Shumway, Robert H and Stoffer, David S and Stoffer, David S},
publisher = {Springer},
title = {{Time series analysis and its applications}},
volume = {3},
year = {2000}
}
@book{cowpertwait2009introductory,
author = {Cowpertwait, Paul S P and Metcalfe, Andrew V},
publisher = {Springer Science \& Business Media},
title = {{Introductory time series with R}},
year = {2009}
}
@article{baltac2015economic,
author = {Baltac, Andreea-Gabriela and Others},
journal = {International Journal of Academic Research in Accounting, Finance and Management Sciences},
number = {3},
pages = {77--82},
publisher = {Human Resource Management Academic Research Society, International Journal$\sim${\ldots}},
title = {{Economic and Financial Analysis Based on Time Series Method}},
volume = {5},
year = {2015}
}
@phdthesis{xavier2016analise,
author = {Xavier, Jorge Manuel Nunes},
school = {Universidade Aberta},
title = {{An{\'{a}}lise e previs{\~{a}}o de s{\'{e}}ries temporais com modelos ARIMA e an{\'{a}}lise espectral singular}},
year = {2016}
}
@misc{Estatcamp,
author = {Estatcamp},
title = {{4 - Modelos ARIMA - S{\'{e}}ries Temporais | Portal Action}},
url = {http://www.portalaction.com.br/series-temporais/modelos-arima},
urldate = {2021-04-06}
}

@book{hyndman2018forecasting,
  title={Forecasting: principles and practice},
  author={Hyndman, Rob J and Athanasopoulos, George},
  year={2018},
  publisher={OTexts}
}

@book{pindyck2008econometric,
  title={Econometric models and economic forecasts},
  author={Pindyck, Robert S and Rubinfeld, Daniel L},
  year={2008},
  publisher={Irwin, McGraw-Hill}
}

@book{morettin1981modelos,
  title={Modelos para previs{\~a}o de s{\'e}ries temporais},
  author={Morettin, Pedro Alberto},
  volume={1},
  year={1981},
  publisher={Instituto de Matem{\'a}tica Pura e Aplicada}
}

@book{chatfield2000time,
  title={Time-series forecasting},
  author={Chatfield, Chris},
  year={2000},
  publisher={CRC press}
}

@book{hamilton2020time,
  title={Time series analysis},
  author={Hamilton, James Douglas},
  year={2020},
  publisher={Princeton university press}
}

@inproceedings{inproceedings,
author = {da Costa, Kleyton and Silva, Felipe},
year = {2020},
month = {11},
pages = {},
title = {Modelos de Previsão de Séries Temporais Aplicados ao Produto Interno Bruto do Brasil entre 1996 E 2019}
}

@article{baltac2015economic,
  title={Economic and Financial Analysis Based on Time Series Method},
  author={Baltac, Andreea-Gabriela and others},
  journal={International Journal of Academic Research in Accounting, Finance and Management Sciences},
  volume={5},
  number={3},
  pages={77--82},
  year={2015},
  publisher={Human Resource Management Academic Research Society, International Journal~…}
}

@inbook{inbook,
author = {Stock, J.H.},
year = {2015},
month = {03},
pages = {337-340},
title = {Time Series: Economic Forecasting},
journal = {International Encyclopedia of the Social & Behavioral Sciences: Second Edition}
}

@Manual{rstudio,
  title = {RStudio: Integrated Development Environment for R},
  author = {{RStudio Team}},
  organization = {RStudio, Inc.},
  address = {Boston, MA},
  year = {2019},
  url = {http://www.rstudio.com/},
}

@Manual{rsoftware,
  title = {R: A Language and Environment for Statistical Computing},
  author = {{R Core Team}},
  organization = {R Foundation for Statistical Computing},
  address = {Vienna, Austria},
  year = {2020},
  url = {https://www.R-project.org/},
}